%   ****************************************
%   * File: SAMPLE.BIB                     *
%   ****************************************
%   * An invented bib file                 *
%   * For the sample texts                 *
%   * The order is unimportant and there   *
%   * may be more entries than references  *
%   * in the text                          *
%   ****************************************
% 
@ARTICLE{smit54,
	AUTHOR = {J. G. Smith and H. K. Weston},
	TITLE = {Nothing Particular in this Year's History},
	YEAR = {1954},
	JOURNAL = {J. Geophys. Res.},
	VOLUME = {2},
	PAGES = {14-15}
}
@BOOK{colu92,
	AUTHOR = {Christopher Columbus},
	TITLE = {How {I} Discovered {America}},
	YEAR = {1492},
	PUBLISHER = {Hispanic Press},
	ADDRESS = {Barcelona}
}
@ARTICLE{gree00,
	AUTHOR = {R. J. Green and U. P. Fred and W. P. Norbert},
	TITLE = {Things that Go Bump in the Night},
	YEAR = {1900},
	JOURNAL = {Psych. Today},
	VOLUME = {46},
	PAGES = {345-678}
}
@ARTICLE{phil99,
	AUTHOR = {T. P. Phillips},
	TITLE = {Possible Influence of the Magnetosphere on {American} History},
	YEAR = {1999},
	JOURNAL = {J. Oddball Res.},
	VOLUME = {98},
	PAGES = {1000-1003}
}
@ARTICLE{jame76,
	AUTHOR = {Kelly James and Harris, Jr., George and Wilby Wollops},
	TITLE = {{American} Independence and Magnetism},
	YEAR = {1776},
	JOURNAL = {Revol. Tracts},
	VOLUME = {32},
	PAGES = {34-55}
}

*Mis fuentes comienzan aqui 

@MISC{torre,
    AUTHOR = {Torre-Bouscoulet, L., Castorena-Maldonado, A., Meza-Vargas, M. S.},
    TITLE = {Otras consecuencias de los trastornos del dormir: A propósito de los accidentes vehiculares},
    YEAR = {s. f.},
    HOWPUBLISHED = {\url{https://www.scielo.org.mx/scielo.php?script=sci_arttext&pid=S0187-75852005000200012}},
    NOTE = {Último acceso: 6 de marzo de 2025}
}
@MISC{capufe_sleep,
    AUTHOR = {Comisión de Asistencia y Prevención Federal (CAPUFE)},
    TITLE = {{¿Cómo afecta el sueño la conducción?}},
    HOWPUBLISHED = {\url{https://www.gob.mx/capufe/articulos/como-afecta-el-sueno-la-conduccion}},
    NOTE = {s. f.},
}


@article{EspinolaGonzales2011,
   abstract = {El cansancio en los conductores de vehículos, que muchas veces se manifiesta en somnolencia, es la causa de muchos accidentes. En algunos países el índice de accidentes ocasionados por esta causa alcanza hasta un 35%. En el presente trabajo se presenta un sistema de visión artificial capaz de detectar el estado de somnolencia. El proceso consiste en la obtención de imágenes a través de una cámara de video; estas imágenes son procesadas mediante un algoritmo que se ofrece en este trabajo; como resultado se tiene una respuesta por parte del sistema que indica si el conductor tiene los ojos cerrados o abiertos. Para lograr los objetivos de este trabajo se ha empleado principalmente el Software Matlab, la herramienta de modelado UML y la metodología RUP},
   author = {Jesús E. Espinola Gonzales and Maximiliano E. Asís López and Vladimir G. Rodríguez Sabino},
   doi = {10.32911/as.2011.v4.n2.539},
   issn = {2070-836X},
   issue = {2},
   journal = {APORTE SANTIAGUINO},
   title = {Sistema de visión artificial para la detección de somnolencia de conductores, basado en el comportamiento ocular},
   volume = {4},
   year = {2011}
}
@article{MendietaZrate2018,
   abstract = {El uso de sistemas de monitoreo que notifican el nivel de atención del conductor se constituye en una herramienta importante en la prevención de accidentes relacionados al estado de vigilia. El presente trabajo integra el enfoque de visión por computador, la Raspberry Pi, los componentes electrónicos necesarios, en conjunto con la inteligencia artificial y el reconocimiento de patrones, para implementar una solución no intrusiva para detección del nivel de somnolencia y distracciones del conductor, además de brindar una alternativa accesible para instalar el sistema en cualquier tipo de vehículo. Se presenta un prototipo sencillo para detección de somnolencia y distracciones, en el cual el método de Viola-Jones es utilizado para el reconocimiento de rostros y un clasificador tipo cascada que utiliza una base de datos de imágenes para su entrenamiento. Se cuenta la cantidad de detección de ojos, tanto abiertos como cerrados, y los cambios en la boca, para el conteo de bostezos en una secuencia continua de imágenes para luego utilizar los datos captados y medir el nivel de somnolencia del conductor por medio de Lógica Difusa dando una salida de alerta en caso de que el nivel de somnolencia lo amerite. Además, este método permite detectar distracciones, utilizando como parámetros rostro y ojos. Resultados de pruebas demuestran que el sistema mide con eficiencia parámetros mencionados y detecta estado de somnolencia como también distracciones por medio del método de Viola-Jones.},
   author = {Hugo Enrique Mendieta Zárate and Juan Pablo Fornerón Acosta and Carlos Domingo Almeida Delgado},
   journal = {Revista cientifica UNE},
   title = {Sistema difuso de alerta de sueño al volante utilizando algoritmo de Viola Jones Mendieta},
   volume = {3},
   year = {2018}
}
@article{Benavides2015,
   abstract = {Ｗｉｔｈｉｏｄｉｎｅａｄｓｏｒｐｔｉｏｎｖａｌｕｅ，ｍｅｔｈｙｌｅｎｅｂｌｕｅａｄｓｏｒｐｔｉｏｎｖａｌｕｅ，ａｎｄｙｉｅｌｄａｓａｎａｌｙｚｉｎｇｉｎｄｅｘｅｓｏｆａｃｔｉｖａｔｅｄｃａｒｂｏｎ ｐｒｅｐａｒｅｄｆｒｏｍ ｆｕｒｆｕｒａｌｒｅｓｉｄｕｅ ，ｆｏｕｒｆａｃｔｏｒｓｈａｄｂｅｅｎｃｈｏｓｅｎｔｏｐｅｒｆｏｒｍ Ｌ １６ （４ ）ｏｒｔｈｏｇｏｎａｌｅｘｐｅｒｉｍｅｎｔｉｎｃｌｕｄｉｎｇｉｍｐｒｅｇｎａｔｉｏｎ ｒａｔｉｏ，ｐｈｏｓｐｈｏｒｉｃａｃｉｄｃｏｎｃｅｎｔｒａｔｉｏｎ，ａｃｔｉｖａｔｉｏｎｔｅｍｐｅｒａｔｕｒｅａｎｄｈｏｌｄｉｎｇｔｉｍｅｔｏｏｐｔｉｍｉｚｅｔｈｅｐｒｅｐａｒａｔｉｏｎｃｏｎｄｉｔｉｏｎｓｏｆｐｈｏｓｐｈｏｒｉｃ ａｃｉｄａｃｔｉｖａｔｉｏｎ．Ｔｈｅｃｏｎｃｌｕｓｉｏｎｃｏｕｌｄｂｅｄｒａｗｎｆｒｏｍ ｔｈｅｏｒｔｈｏｇｏｎａｌｅｘｐｅｒｉｍｅｎｔｔｈａｔｔｈｅｏｐｔｉｍａｌｔｅｃｈｎｏｌｏｇｉｃａｌｃｏｎｄｉｔｉｏｎｓｗｅｒｅ ｐｈｏｓｐｈｏｒｉｃａｃｉｄｃｏｎｃｅｎｔｒａｔｉｏｎ６０％ ，ｉｍｐｒｅｇｎａｔｉｏｎｒａｔｉｏ２．５∶１，ａｃｔｉｖａｔｉｏｎｔｅｍｐｅｒａｔｕｒｅ５５０℃，ａｎｄｈｏｌｄｉｎｇｔｉｍｅ１．５ｈ．Ｕｎｄｅｒｔｈｅｓｅ ５ ｃｏｎｄｉｔｉｏｎｓ ，ｔｈｅｉｏｄｉｎｅａｄｓｏｒｐｔｉｏｎｖａｌｕｅｏｆｔｈｅｏｂｔａｉｎｅｄａｃｔｉｖａｔｅｄｃａｒｂｏｎｗａｓ８３９．６ｍｇ／ｇ，ｔｈｅｍｅｔｈｙｌｅｎｅｂｌｕｅａｄｓｏｒｐｔｉｏｎｖａｌｕｅｗａｓ ２６０．３ｍｇ／ｇ，ｔｈｅｙｉｅｌｄｗａｓ４６．８％，ａｎｄｔｈｅｓｐｅｃｉｆｉｃｓｕｒｆａｃｅａｒｅａｗａｓ８３０．２０ｍ ／ｇ．},
   author = {Eduardo Luis Benavides and Mauricio Miguel Medina},
   issue = {23–6},
   journal = {Biomass Chem Eng},
   keywords = {：ｆｕｒｆｕｒａｌｒｅｓｉｄｕｅｓ；ａｃｔｉｖａｔｅｄｃａｒｂｏｎ；ｐｈｏｓｐｈｏｒｉｃａｃｉｄａｃ},
   pages = {22-23},
   title = {Sistema basado en la detección y notificación de somnolencia para conductores de autos},
   volume = {49},
   year = {2015}
}
@misc{Hou2024,
   abstract = {Fatigue driving is one of the primary causative factors of road accidents. It is of great significance to discern, identify and warn drivers in time for traffic safety and reduce traffic accidents. In this paper, a systematic review for the fatigue driving behavior recognition method is developed to analyze its research status and development trends. Firstly, the data information and its application scenarios related to fatigue driving is detailed. Three driving behavior recognition methods based on different types of signal data are summarized and analyzed, and this signal data can be divided into physiological signal characteristics, visual signal characteristics, vehicle sensor data characteristics and multi-data information fusion. By summarizing and comparing the recognition effect of existing fatigue driving recognition methods, combined with deep learning technology, the paper concludes the fatigue driving behavior recognition method based on single data source has some shortcomings such as low accuracy and easy to be affected by external factors, but the recognition method based on multi-feature information fusion can achieve a exhilarated recognition result. Finally, some prospects are given to analyze the development trend of fatigue driving behavior recognition in the future.},
   author = {Junjian Hou and Yaxiong Xu and Wenbin He and Yudong Zhong and Dengfeng Zhao and Fang Zhou and Mingyuan Zhao and Shesen Dong},
   doi = {10.3233/JIFS-235075},
   issn = {18758967},
   issue = {1},
   journal = {Journal of Intelligent and Fuzzy Systems},
   title = {A systematic review for the fatigue driving behavior recognition method},
   volume = {46},
   year = {2024}
}